@article{schaul.2014,
	Author = {Schaul, Tom},
	Title = {An Extensible Description Language for Video Games},
	Journal = {{IEEE} Transactions on Computational Intelligence and {AI} in Games},
	Volume = {6},
	Issue = {4},
	Pages = {325--331},
	Year = {2014}}

@article{singh.2000,
	Author = {Singh, Satinder P. and Jaakkola, Tommi and Littman, Michael L. and Szepesv{\'a}ri, Csaba},
	Title = {Convergence Results for Single-Step On-Policy Reinforcement-Learning Algorithms.},
	Journal = {Machine Learning},
	Volume = {38},
	Issue = {3},
	Pages = {287-308},
	Year = 2000}}

@inproceedings{greenwald.2003,
	Author = {Greenwald, Amy and Hall, Keith and Serrano, Roberto},
	Title = {Correlated Q-learning},
	Booktitle = {International Conference on Machine Learning},
	Year = {2003},
	Pages = {242--249}}

@book{leyton.2008,
	Author = {Leyton-Brown, Kevin and Shoham, Yoav},
	Publisher = {Morgan and Claypool Publishers},
	Title = {Essentials of Game Theory: A Concise, Multidisciplinary Introduction},
	Year = {2008},
	Address = {San Rafael, CA, USA}}

@inproceedings{littman.2001,
	Author = {Littman, Michael L},
	Title = {Friend-or-foe Q-learning in general-sum games},
	Booktitle = {International Conference on Machine Learning},
	Pages = {322--328},
	Year = {2001}}

@mastersthesis{ross.2014,
	Author = {B. Ross},
	Month = {September},
	School = {Department of Computer and Information Sciences, University of Strathclyde},
	Supervisor = {J. Levine},
	Title = {General Video Game Playing with Goal Orientation},
	Year = {2014}}

@book{sutton.1998,
	Address = {Cambridge, MA, USA},
	Author = {Sutton, Richard S. and Barto, Andrew G.},
	Publisher = {MIT Press},
	Title = {Introduction to Reinforcement Learning},
	Year = {1998}}

@inproceedings{frydenberg.2015,
	Author = {Frederik Frydenberg and Kasper R. Andersen and Sebastian Risi and Julian Togelius},
	Title = {Investigating {MCTS} modifications in general video game playing},
	Booktitle = {{IEEE} Conference on Computational Intelligence and Games},
	Pages = {107--113},
	Year = {2015}}

@phdthesis{watkins.1989,
	Author = {Watkins, Christopher John Cornish Hellaby},
	School = {University of Cambridge England},
	Title = {Learning from delayed rewards},
	Year = {1989}}

@inproceedings{littman.1994,
	Author = {Michael L. Littman},
	Title = {Markov games as a framework for multi-agent reinforcement learning},
	Booktitle = {Proceedings of the Eleventh International Conference on Machine Learning},
	Pages = {157--163},
	Year = {1994}}

@book{norman.1972,
	Author = {Norman, M.F.},
	Publisher = {Academic Press},
	Title = {Markov Processes and learning models},
	Year = {1972},
	Address = {New York, NY, USA}}

@inproceedings{hu.1998,
	Author = {Junling Hu and Michael P. Wellman},
	Title = {Multiagent Reinforcement Learning: Theoretical Framework and an Algorithm},
	Booktitle = {Proceedings of the Fifteenth International Conference on Machine Learning},
	Pages = {242--250},
	Year = {1998}}

@book{shoham.2008,
	Address = {New York, NY, USA},
	Author = {Shoham, Yoav and Leyton-Brown, Kevin},
	Publisher = {Cambridge University Press},
	Title = {Multiagent Systems: Algorithmic, Game-Theoretic, and Logical Foundations},
	Year = {2008}}

@article{hu.2003,
	Author = {Hu, Junling and Wellman, Michael P},
	Title = {Nash Q-learning for general-sum stochastic games},
	Journal = {The Journal of Machine Learning Research},
	Volume = {4},
	Pages = {1039--1069},
	Year = {2003}}

@inproceedings{goldberg.2006,
	Author = {Goldberg, Paul W. and Papadimitriou, Christos H.},
	Title = {Reducibility Among Equilibrium Problems},
	Booktitle = {Proceedings of the Thirty-eighth Annual ACM Symposium on Theory of Computing},
	Pages = {61--70},
	Year = {2006}}

@inproceedings{kapetanakis.2004,
	Author = {Spiros Kapetanakis and Daniel Kudenko},
	Title = {Reinforcement Learning of Coordination in Heterogeneous Cooperative Multi-Agent Systems},
	Booktitle = {3rd International Joint Conference on Autonomous Agents and Multiagent Systems},
	Pages = {1258--1259},
	Year = {2004}}

@book{chakraborty.2014,
	Author = {Doran Chakraborty},
	Publisher = {Springer},
	Title = {Sample Efficient Multiagent Learning in the Presence of Markovian Agents},
	Year = {2014}}

@article{perez.2014,
	Author = {Perez, Diego and Samothrakis, Spyridon and Togelius, Julian and Schaul, Tom and Lucas, Simon and Cou{\"e}toux, Adrien and Lee, Jeyull and Lim, Chong-U and Thompson, Tommy},
	Title = {The 2014 General Video Game Playing Competition},
	Journal = {IEEE Transactions on Computational Intelligence and AI in Games},
	Volume = {PP},
	Issue = {99},
	Year = {2015}}

@inproceedings{claus.1998,
	Author = {Claus, Caroline and Boutilier, Craig},
	Title = {The Dynamics of Reinforcement Learning in Cooperative Multiagent Systems},
	Booktitle = {Proceedings of the Fifteenth National Conference on Artificial Intelligence},
	Pages = {746--752},
	Year = {1998}}
	
@book{millington.2009,
 author = {Millington, Ian and Funge, John},
 title = {Artificial Intelligence for Games, Second Edition},
 year = {2009},
 publisher = {Morgan Kaufmann Publishers Inc.},
 address = {San Francisco, CA, USA},
}